@article{lowe2004distinctive,
  title={Distinctive image features from scale-invariant keypoints},
  author={Lowe, David G},
  journal={International journal of computer vision},
  volume={60},
  pages={91--110},
  year={2004},
  publisher={Springer}
}
@INPROCEEDINGS{323794,
  author={Jianbo Shi and Tomasi},
  booktitle={1994 Proceedings of IEEE Conference on Computer Vision and Pattern Recognition}, 
  title={Good features to track}, 
  year={1994},
  volume={},
  number={},
  pages={593-600},
  keywords={Tracking;Machine vision;Feature extraction},
  doi={10.1109/CVPR.1994.323794}}
@article{ethan2011orb,
  title={ORB: An efficient alternative to SIFT or SURF},
  author={Ethan, Rublee},
  journal={ICCV, 2011},
  year={2011}
}
@article{mur2017orb,
  title={Orb-slam2: An open-source slam system for monocular, stereo, and rgb-d cameras},
  author={Mur-Artal, Raul and Tard{\'o}s, Juan D},
  journal={IEEE transactions on robotics},
  volume={33},
  number={5},
  pages={1255--1262},
  year={2017},
  publisher={IEEE}
}
@inproceedings{shi2020we,
  title={Are we ready for service robots? the openloris-scene datasets for lifelong slam},
  author={Shi, Xuesong and Li, Dongjiang and Zhao, Pengpeng and Tian, Qinbin and Tian, Yuxin and Long, Qiwei and Zhu, Chunhao and Song, Jingwei and Qiao, Fei and Song, Le and others},
  booktitle={2020 IEEE international conference on robotics and automation (ICRA)},
  pages={3139--3145},
  year={2020},
  organization={IEEE}
}
@inproceedings{detone2018superpoint,
  title={Superpoint: Self-supervised interest point detection and description},
  author={DeTone, Daniel and Malisiewicz, Tomasz and Rabinovich, Andrew},
  booktitle={Proceedings of the IEEE conference on computer vision and pattern recognition workshops},
  pages={224--236},
  year={2018}
}
@article{dusmanu2019d2,
  title={D2-net: A trainable cnn for joint detection and description of local features},
  author={Dusmanu, Mihai and Rocco, Ignacio and Pajdla, Tomas and Pollefeys, Marc and Sivic, Josef and Torii, Akihiko and Sattler, Torsten},
  journal={arXiv preprint arXiv:1905.03561},
  year={2019}
}
@article{tang2019gcnv2,
  title={GCNv2: Efficient correspondence prediction for real-time SLAM},
  author={Tang, Jiexiong and Ericson, Ludvig and Folkesson, John and Jensfelt, Patric},
  journal={IEEE Robotics and Automation Letters},
  volume={4},
  number={4},
  pages={3505--3512},
  year={2019},
  publisher={IEEE}
}
@article{campos2021orb,
  title={Orb-slam3: An accurate open-source library for visual, visual--inertial, and multimap slam},
  author={Campos, Carlos and Elvira, Richard and Rodr{\'\i}guez, Juan J G{\'o}mez and Montiel, Jos{\'e} MM and Tard{\'o}s, Juan D},
  journal={IEEE Transactions on Robotics},
  volume={37},
  number={6},
  pages={1874--1890},
  year={2021},
  publisher={IEEE}
}
@inproceedings{sarlin2019coarse,
  title={From coarse to fine: Robust hierarchical localization at large scale},
  author={Sarlin, Paul-Edouard and Cadena, Cesar and Siegwart, Roland and Dymczyk, Marcin},
  booktitle={Proceedings of the IEEE/CVF conference on computer vision and pattern recognition},
  pages={12716--12725},
  year={2019}
}
@inproceedings{li2020dxslam,
  title={DXSLAM: A robust and efficient visual SLAM system with deep features},
  author={Li, Dongjiang and Shi, Xuesong and Long, Qiwei and Liu, Shenghui and Yang, Wei and Wang, Fangshi and Wei, Qi and Qiao, Fei},
  booktitle={2020 IEEE/RSJ International conference on intelligent robots and systems (IROS)},
  pages={4958--4965},
  year={2020},
  organization={IEEE}
}
@inproceedings{yin2023sp,
  title={SP-VSLAM: Monocular Visual-SLAM Algorithm Based on SuperPoint Network},
  author={Yin, Zhenyu and Feng, Dan and Fan, Chao and Ju, Chengen and Zhang, Feiqing},
  booktitle={2023 15th International Conference on Communication Software and Networks (ICCSN)},
  pages={456--459},
  year={2023},
  organization={IEEE}
}

@inproceedings{quach2021supslam,
  title={SupSLAM: A robust visual inertial SLAM system using SuperPoint for unmanned aerial vehicles},
  author={Quach, Cong Hoang and Phung, Manh Duong and Le, Ha Vu and Perry, Stuart},
  booktitle={2021 8th NAFOSTED Conference on Information and Computer Science (NICS)},
  pages={507--512},
  year={2021},
  organization={IEEE}
}
